% This file was created with JabRef 2.10b2.
% Encoding: UTF-8

@inproceedings{Alcic:ICWIMS:2011,
 author = {Alcic, Sadet and Conrad, Stefan},
 title = {Page Segmentation by Web Content Clustering},
 booktitle = {Proceedings of the International Conference on Web Intelligence, Mining and Semantics},
 series = {WIMS '11},
 year = {2011},
 isbn = {978-1-4503-0148-0},
 location = {Sogndal, Norway},
 pages = {24:1--24:9},
 articleno = {24},
 numpages = {9},
 url = {http://doi.acm.org/10.1145/1988688.1988717},
 doi = {10.1145/1988688.1988717},
 acmid = {1988717},
 publisher = {ACM},
 address = {New York, NY, USA},
 keywords = {web content clustering, web content distance, web page segmentation}
} 

@InProceedings{Baluja:WWW:2006,
 author = {Baluja, Shumeet},
 title = {Browsing on Small Screens: Recasting Web-page Segmentation into an Efficient Machine Learning Framework},
 booktitle = {Proceedings of the 15th International Conference on World Wide Web},
 series = {WWW '06},
 year = {2006},
 isbn = {1-59593-323-9},
 location = {Edinburgh, Scotland},
 pages = {33--42},
 numpages = {10},
 url = {http://doi.acm.org/10.1145/1135777.1135788},
 doi = {10.1145/1135777.1135788},
 acmid = {1135788},
 publisher = {ACM},
 address = {New York, NY, USA},
 keywords = {browser, machine learning, mobile browsing, mobile devices, small screen, thumbnail browsing, web page segmentation}
} 
@TechReport{Bernard:SURL:2003,
author = {Bernard, Michael L},
title = {Criteria for optimal web design (designing for usability)},
institution = {University of West Florida},
year = {2003},
note = {\url{http://uwf.edu/ddawson/d3net/documents/web_usability/optimal%20web%20design.pdf}}
}

@InCollection{Akpinar:LNCS:2013,
  Title                    = {Heuristic Role Detection of Visual Elements of Web Pages},
  Author                   = {Akpinar, M.Elgin and Yesilada, Yeliz},
  Booktitle                = {Web Engineering},
  Publisher                = {Springer Berlin Heidelberg},
  Year                     = {2013},
  Editor                   = {Daniel, Florian and Dolog, Peter and Li, Qing},
  Pages                    = {123-131},
  Series                   = {Lecture Notes in Computer Science},
  Volume                   = {7977},
  Doi                      = {10.1007/978-3-642-39200-9_12},
  ISBN                     = {978-3-642-39199-6},
  Keywords                 = {Web Accessibility; Knowledge Engineering; Ontology; Heuristics; Rule Engine; User Study},
  Language                 = {English},
  Url                      = {http://dx.doi.org/10.1007/978-3-642-39200-9_12}
}

@InProceedings{Breuel:FHR:2002,
  Title                    = {Representations and metrics for off-line handwriting segmentation},
  Author                   = {Breuel, Thomas M},
  Booktitle                = {Frontiers in Handwriting Recognition, 2002. Proceedings. Eighth International Workshop on},
  Year                     = {2002},
  Organization             = {IEEE},
  Pages                    = {428--433},
  address				   = {Ontario, Canada},
  File                     = {:files/2002-breuel-iwfhr.pdf:PDF}
}

@article{Cattoni:ITC:1998,
  title={Geometric layout analysis techniques for document image understanding: a review},
  author={Cattoni, R and Coianiz, T and Messelodi, S and Modena, CM},
  journal={ITC-irst Technical Report},
  volume={9703},
  number={09},
  year={1998},
  address={},
  publisher={Citeseer}
}

@article{Cardoso:TIP:2005,
  title			   = {Toward a generic evaluation of image segmentation},
  author		   = {Cardoso, Jaime S and Corte-Real, Lu{\'\i}s},
  journal		   = {Image Processing, IEEE Transactions on},
  volume		   = {14},
  number		   = {11},
  pages			   = {1773--1782},
  year			   = {2005},
  publisher		   = {IEEE}
}

@InProceedings{Chakrabarti:WWW:2008,
  Title                    = {A graph-theoretic approach to webpage segmentation},
  Author                   = {Chakrabarti, Deepayan and Kumar, Ravi and Punera, Kunal},
  Booktitle                = {Proceedings of the 17th international conference on World Wide Web},
  Year                     = {2008},
  Organization             = {ACM},
  Pages                    = {377--386},
  address 				   = {Beijing, China}
}

@InProceedings{Crivellari:TREC:2000,
  Title                    = {Web Document Retrieval Using Passage Retrieval, Connectivity Information, and Automatic Link Weighting--TREC-9 Report.},
  Author                   = {Crivellari, Franco and Melucci, Massimo},
  Booktitle                = {TREC9},
  Year                     = {2000},
  Pages={611},
  address = {Gaithersburg, USA},
  organization = {TREC}
}

@Article{Cao:IJPEDS:2010,
  Title                    = {A segmentation method for web page analysis using shrinking and dividing},
  Author                   = {Cao, Jiuxin and Mao, Bo and Luo, Junzhou},
  Journal                  = {International Journal of Parallel, Emergent and Distributed Systems},
  Year                     = {2010},
  Number                   = {2},
  Pages                    = {93--104},
  Volume                   = {25},

  Publisher                = {Taylor \& Francis}
}

@InProceedings{Chen:DWP:2003,
  Title                    = {Detecting Web Page Structure for Adaptive Viewing on Small Form Factor Devices},
  Author                   = {Chen, Yu and Ma, Wei-Ying and Zhang, Hong-Jiang},
  Booktitle                = {Proceedings of the 12th International Conference on World Wide Web},
  Year                     = {2003},
  Address                  = {New York, NY, USA},
  Pages                    = {225--233},
  Publisher                = {ACM},
  Series                   = {WWW '03},
  Doi                      = {10.1145/775152.775184},
  ISBN                     = {1-58113-680-3},
  Location                 = {Budapest, Hungary},
  Numpages                 = {9},
  Url                      = {http://doi.acm.org/10.1145/775152.775184}
}

@book{Conallen:AW:2002,
  title={Building Web applications with UML},
  author={Conallen, Jim},
  year={2002},
  publisher={Addison-Wesley Longman Publishing Co., Inc.}
}


@inproceedings{Clausner:DRR:2014,
 author = {Clausner, Christian and Pletschacher, Stefan and Antonacopoulos, Apostolos},
 title = {Document Representation Refinement for Precise Region Description},
 booktitle = {Proceedings of the First International Conference on Digital Access to Textual Cultural Heritage},
 series = {DATeCH '14},
 year = {2014},
 isbn = {978-1-4503-2588-2},
 location = {Madrid, Spain},
 pages = {9--13},
 numpages = {5},
 url = {http://doi.acm.org/10.1145/2595188.2595198},
 doi = {10.1145/2595188.2595198},
 acmid = {2595198},
 publisher = {ACM},
 address = {New York, NY, USA},
 keywords = {document image analysis, polygonal fitting, segmentation}
} 

@article{Chen:IEEE:2005,
  Title                    = {Adapting Web Pages for Small-Screen Devices},
  Author                   = {Yu Chen and Xing Xie and Wei-Ying Ma and Hong-Jiang Zhang},
  Journal                  = {IEEE Internet Computing},
  Year                     = {2005},
  Number                   = {1},
  Pages                    = {50-56},
  Volume                   = {9},
  Address                  = {Los Alamitos, CA, USA},
  Doi                      = {http://doi.ieeecomputersociety.org/10.1109/MIC.2005.5},
  ISSN                     = {1089-7801},
  Publisher                = {IEEE Computer Society}
}

@InProceedings{Cai:APWEB:2003,
 author = {Cai, Deng and Yu, Shipeng and Wen, Ji-Rong and Ma, Wei-Ying},
 title = {Extracting Content Structure for Web Pages Based on Visual Representation},
 booktitle = {Proceedings of the 5th Asia-Pacific Web Conference on Web Technologies and Applications},
 series = {APWeb'03},
 year = {2003},
 isbn = {3-540-02354-2},
 address = {Xian, China},
 pages = {406--417},
 numpages = {12},
 url = {http://dl.acm.org/citation.cfm?id=1766091.1766143},
 acmid = {1766143},
 publisher = {Springer-Verlag}
} 

@InProceedings{Cai:BWS:2004,
  Title                    = {Block-based Web Search},
  Author                   = {Cai, Deng and Yu, Shipeng and Wen, Ji-Rong and Ma, Wei-Ying},
  Booktitle                = {Proceedings of the 27th Annual International ACM SIGIR Conference on Research and Development in Information Retrieval},
  Year                     = {2004},
  Address                  = {New York, NY, USA},
  Pages                    = {456--463},
  Publisher                = {ACM},
  Series                   = {SIGIR '04},
  Doi                      = {10.1145/1008992.1009070},
  ISBN                     = {1-58113-881-4},
  Location                 = {Sheffield, United Kingdom},
  Numpages                 = {8},
  Url                      = {http://doi.acm.org/10.1145/1008992.1009070}
}

@InProceedings{Fernandes:SIGIR:2011,
author = {Fernandes, David and de Moura, Edleno Silva and da Silva, Altigran Soares and Ribeiro-Neto, Berthier and Braga, Edisson},
 title = {A Site Oriented Method for Segmenting Web Pages},
 booktitle = {Proceedings of the 34th International ACM SIGIR Conference on Research and Development in Information Retrieval},
 series = {SIGIR '11},
 year = {2011},
 isbn = {978-1-4503-0757-4},
 address = {Beijing, China},
 pages = {215--224},
 numpages = {10},
 url = {http://doi.acm.org/10.1145/2009916.2009949},
 doi = {10.1145/2009916.2009949},
 acmid = {2009949},
 publisher = {ACM},
 location = {New York, NY, USA},
 keywords = {page segmentation, segment class}
} 

@TechReport{Garret:PDI:1996,
author = {Garret, Jhon},
title = {Preserving Digital Information},
institution = {Commission on Preservation and Access and the Research Libraries Group},
year = {1996}
}

@InProceedings{Hattori:WWW:2007,
  Title                    = {Robust Web Page Segmentation for Mobile Terminal Using Content-distances and Page Layout Information},
  Author                   = {Hattori, Gen and Hoashi, Keiichiro and Matsumoto, Kazunori and Sugaya, Fumiaki},
  Booktitle                = {Proceedings of the 16th International Conference on World Wide Web},
  Year                     = {2007},
  Location                  = {New York, NY, USA},
  Pages                    = {361--370},
  Publisher                = {ACM},
  Series                   = {WWW '07},
  Acmid                    = {1242622},
  Doi                      = {10.1145/1242572.1242622},
  ISBN                     = {978-1-59593-654-7},
  Address                 = {Banff, Alberta, Canada},
  Numpages                 = {10},
  Url                      = {http://doi.acm.org/10.1145/1242572.1242622}
}

@INPROCEEDINGS{Hu:ICDAR:1999, 
author={Jianying Hu and Kashi, Ramanujan and Wilfong, Gordon}, 
booktitle={1999. ICDAR '99. Proceedings of the Fifth International Conference on Document Analysis and Recognition}, 
title={Document image layout comparison and classification}, 
year={1999}, 
month={Sep}, 
pages={285-288},
address={Bangalore, India}
}

@incollection{Hu:HDIPR:2014,
year={2014},
isbn={978-0-85729-858-4},
booktitle={Handbook of Document Image Processing and Recognition},
editor={Doermann, David and Tombre, Karl},
doi={10.1007/978-0-85729-859-1_26},
title={Analysis of Documents Born Digital},
url={http://dx.doi.org/10.1007/978-0-85729-859-1_26},
publisher={Springer London},
keywords={Content extraction; Digital libraries; Digital publishing; Document layout analysis; Document object model; Document understanding; Page segmentation; Portal document; Web documents},
author={Hu, Jianying and Liu, Ying},
pages={775-804},
language={English}
}

@InProceedings{Kohlschuetter:IKM:2008,
  Title                    = {A densitometric approach to web page segmentation},
  Author                   = {Kohlsch{\"u}tter, Christian and Nejdl, Wolfgang},
  Booktitle                = {Proceedings of the 17th ACM conference on Information and knowledge management},
  Year                     = {2008},
  Organization             = {ACM},
  Pages                    = {1173-1182},
  address = {New York, NY, USA}
}

@MastersThesis{Kreuzer:MT:2013,
  Title                    = {A Quantitative Comparison of Semantic Web Page Segmentation Algorithms},
  Author                   = {Kreuzer, R.},
  School                   = {Universiteit Utrecht},
  Year                     = {2013}
}

@article{Laws:CSE:2013,
  title={Seriously, Another Format? You Must Be Kidding},
  author={Laws, Byron},
  journal={CSE NEWS},
  volume={36},
  number={2},
  pages={41},
  year={2013}
}

@InProceedings{Lin:DIC:2002,
  Title                    = {Discovering Informative Content Blocks from Web Documents},
  Author                   = {Lin, Shian-Hua and Ho, Jan-Ming},
  Booktitle                = {Proceedings of the Eighth ACM SIGKDD International Conference on Knowledge Discovery and Data Mining},
  Year                     = {2002},
  Location                  = {New York, NY, USA},
  Pages                    = {588--593},
  Publisher                = {ACM},
  Series                   = {KDD '02},
  Doi                      = {10.1145/775047.775134},
  ISBN                     = {1-58113-567-X},
  Address                 = {Edmonton, Alberta, Canada},
  Numpages                 = {6},
  Url                      = {http://doi.acm.org/10.1145/775047.775134}
}

@article{Liang:CVIU:2001,
author = {Liang, Jisheng and Phillips, Ihsin T. and Haralick, Robert M.},
 title = {Performance Evaluation of Document Structure Extraction Algorithms},
 journal = {Computer Vision Image Understanding},
 issue_date = {October 2001},
 volume = {84},
 number = {1},
 month = oct,
 year = {2001},
 issn = {1077-3142},
 pages = {144--159},
 numpages = {16},
 url = {http://dx.doi.org/10.1006/cviu.2001.0933},
 doi = {10.1006/cviu.2001.0933},
 acmid = {565289},
 publisher = {Elsevier Science Inc.},
 address = {New York, NY, USA}
} 


@Article{Liu:JS:2011,
  Title                    = {Segmenting Webpage with Gomory-Hu Tree Based Clustering},
  Author                   = {Liu, Xinyue and Lin, Hongfei and Tian, Ye},
  Journal                  = {Journal of Software},
  Year                     = {2011},
  Month                    = {Dec},
  Number                   = {12},
  Volume                   = {6},
  Publisher                = {Academy Publisher},
  pages = {2421--2425}
}

@InProceedings{Li:CIKM:2002,
  Title                    = {Using Micro Information Units for Internet Search},
  Author                   = {Li, Xiaoli and Phang, Tong-Heng and Hu, Minqing and Liu, Bing},
  Booktitle                = {Proceedings of the Eleventh International Conference on Information and Knowledge Management},
  Year                     = {2002},
  Address                  = {New York, NY, USA},
  Pages                    = {566--573},
  Publisher                = {ACM},
  Series                   = {CIKM '02},
  Doi                      = {10.1145/584792.584885},
  ISBN                     = {1-58113-492-4},
  Location                 = {McLean, Virginia, USA},
  Numpages                 = {8},
  Url                      = {http://doi.acm.org/10.1145/584792.584885}
}

@inproceedings{Law:SVC:2012,
 author = {Law, Marc Teva and Thome, Nicolas and Gan\c{c}arski, St{\'e}phane and Cord, Matthieu},
 title = {Structural and Visual Comparisons for Web Page Archiving},
 booktitle = {Proceedings of the 2012 ACM Symposium on Document Engineering},
 series = {DocEng '12},
 year = {2012},
 isbn = {978-1-4503-1116-8},
 location = {Paris, France},
 pages = {117--120},
 numpages = {4},
 url = {http://doi.acm.org/10.1145/2361354.2361380},
 doi = {10.1145/2361354.2361380},
 acmid = {2361380},
 publisher = {ACM},
 address = {New York, NY, USA},
 keywords = {change detection algorithms, digital preservation, pattern recognition, support vector machines, web archiving}
} 

@TechReport{GARCIA2018,
author = {Jean Pearre Garcia},
title = {Desarrollo de una Herramienta Interactiva para la Construcción de un ``Ground Truth'' de Segmentaciones de Páginas Web},
institution = {Escuela de Computación. Universidad Central de Venezuela},
year = {2018}
}


@InProceedings{Mahmud:CCN:2007,
  Title                    = {Csurf: A Context-driven Non-visual Web-browser},
  Author                   = {Mahmud, Jalal U. and Borodin, Yevgen and Ramakrishnan, I. V.},
  Booktitle                = {Proceedings of the 16th International Conference on World Wide Web},
  Year                     = {2007},
  Address                  = {New York, NY, USA},
  Pages                    = {31--40},
  Publisher                = {ACM},
  Series                   = {WWW '07}
}

@inproceedings{Meunier:ICDAR:2005,
author = {Meunier, Jean-Luc},
 title = {Optimized XY-Cut for Determining a Page Reading Order},
 booktitle = {Proceedings of the Eighth International Conference on Document Analysis and Recognition},
 series = {ICDAR '05},
 year = {2005},
 isbn = {0-7695-2420-6},
 pages = {347--351},
 numpages = {5},
 url = {http://dx.doi.org/10.1109/ICDAR.2005.182},
 doi = {10.1109/ICDAR.2005.182},
 acmid = {1106934},
 publisher = {IEEE Computer Society},
 address = {Washington, DC, USA}
} 

@article{Navarro:GTA:2001,
 author = {Navarro, Gonzalo},
 title = {A Guided Tour to Approximate String Matching},
 journal = {ACM Comput. Surv.},
 issue_date = {March 2001},
 volume = {33},
 number = {1},
 month = mar,
 year = {2001},
 issn = {0360-0300},
 pages = {31--88},
 numpages = {58},
 url = {http://doi.acm.org/10.1145/375360.375365},
 doi = {10.1145/375360.375365},
 acmid = {375365},
 publisher = {ACM},
 address = {New York, NY, USA}
} 

@inproceedings{Niwattanakul:IMECS:2013,
  title={Using of Jaccard coefficient for keywords similarity},
  author={Niwattanakul, Suphakit and Singthongchai, Jatsada and Naenudorn, Ekkachai and Wanapu, Supachanun},
  booktitle={Proceedings of the International MultiConference of Engineers and Computer Scientists},
  volume={1},
  pages={13--15},
  year={2013}
}

@inproceedings{Moreau:RSM:2008,
 author = {Moreau, Erwan and Yvon, Fran\c{c}ois and Capp{\'e}, Olivier},
 title = {Robust Similarity Measures for Named Entities Matching},
 booktitle = {Proceedings of the 22Nd International Conference on Computational Linguistics - Volume 1},
 series = {COLING '08},
 year = {2008},
 isbn = {978-1-905593-44-6},
 location = {Manchester, United Kingdom},
 pages = {593--600},
 numpages = {8},
 url = {http://dl.acm.org/citation.cfm?id=1599081.1599156},
 acmid = {1599156},
 publisher = {Association for Computational Linguistics},
 address = {Stroudsburg, PA, USA},
} 

@article{Nie:WUB:2009,
 author 		   = {Nie, Zaiqing and Wen, Ji-Rong and Ma, Wei-Ying},
 title 			   = {Webpage Understanding: Beyond Page-level Search},
 journal 		   = {SIGMOD Rec.},
 issue_date 		   = {December 2008},
 volume 		   = {37},
 number 		   = {4},
 month 			   = {mar},
 year 			   = {2009},
 issn 			   = {0163-5808},
 pages 			   = {48--54},
 numpages 		   = {7},
 publisher 		   = {ACM},
 address 		   = {New York, NY, USA}
} 

@InProceedings{Park:ISETD:2010,
author={Park, Sung Hee and Lynberg, Nicholas and Racer, Jesse and McElmurray, Philip and Fox, Edward A},
title={HTML5 ETDs},
booktitle = {Proceedigs of International Symposium on Electronic Thesis and Dissertations},
address = {Austin, TX, USA},
year={2010}
}

@MastersThesis{Popela:BRNO:2012,
  Title                    = {IMPLEMENTACE ALGORITMU PRO VIZUALNI SEGMENTACI WWW STRANEK},
  Author                   = {Popela, Tomas},
  School                   = {BRNO University of Technology},
  Year                     = {2012}
}

@book{Pfeiffer:SPRINGER:2010,
author = {Pfeiffer, Silvia},
 title = {The Definitive Guide to HTML5 Video},
 year = {2010},
 isbn = {1430230908, 9781430230908},
 edition = {1st},
 publisher = {Apress},
 address = {Berkely, CA, USA}
} 

@InProceedings{Pehlivan:DEXA:2010,
author = {Pehlivan, Zeynep and Ben-Saad, Myriam and Gan\c{c}arski, St{\'e}phane},
 title = {Vi-DIFF: Understanding Web Pages Changes},
 booktitle = {Proceedings of the 21st International Conference on Database and Expert Systems Applications: Part I},
 series = {DEXA'10},
 year = {2010},
 isbn = {3-642-15363-1, 978-3-642-15363-1},
 location = {Bilbao, Spain},
 pages = {1--15},
 numpages = {15},
 url = {http://dl.acm.org/citation.cfm?id=1881867.1881869},
 acmid = {1881869},
 publisher = {Springer-Verlag},
 address = {Berlin, Heidelberg}
} 

@inproceedings{BenSaad:AWU:2011,
 author = {Ben Saad, Myriam and Gan\c{c}arski, St{\'e}phane},
 title = {Archiving the Web Using Page Changes Patterns: A Case Study},
 booktitle = {Proceedings of the 11th Annual International ACM/IEEE Joint Conference on Digital Libraries},
 series = {JCDL '11},
 year = {2011},
 isbn = {978-1-4503-0744-4},
 address= {Ottawa, Ontario, Canada},
 pages = {113--122},
 numpages = {10},
 url = {http://doi.acm.org/10.1145/1998076.1998098},
 doi = {10.1145/1998076.1998098},
 acmid = {1998098},
 publisher = {ACM},
 location = {New York, NY, USA},
 keywords = {pattern, web archiving, web page changes},
} 

@article{Rand:JASA:1971,
  title={Objective criteria for the evaluation of clustering methods},
  author={Rand, William M},
  journal={Journal of the American Statistical association},
  volume={66},
  number={336},
  pages={846--850},
  year={1971},
  publisher={Taylor \& Francis Group}
}

@article{Rosenthal:LHT:2010,
  title={Format obsolescence: assessing the threat and the defenses},
  author={Rosenthal, David SH},
  journal={Library hi tech},
  volume={28},
  number={2},
  pages={195--210},
  year={2010},
  publisher={Emerald Group Publishing Limited}
}

@article{Rosenthal:ARXIV:2004,
  added-at = {2012-03-20T00:00:00.000+0100},
  author = {Rosenthal, David S. H. and Lipkis, Thomas and Robertson, Thomas and Morabito, Seth},
  biburl = {http://www.bibsonomy.org/bibtex/251eeda567acf859c95360e817e5edac9/dblp},
  ee = {http://dx.doi.org/10.1045/january2005-rosenthal},
  interhash = {9552d7fbe94208d8705fa76cc6431e05},
  intrahash = {51eeda567acf859c95360e817e5edac9},
  journal = {D-Lib Magazine},
  keywords = {dblp},
  number = 1,
  timestamp = {2012-03-20T00:00:00.000+0100},
  title = {Transparent Format Migration of Preserved Web Content.},
  url = {http://dblp.uni-trier.de/db/journals/dlib/dlib11.html#RosenthalLRM05},
  volume = 11,
  year = 2005
}

@article{Rubner:IJCV:2000,
  title={The earth mover's distance as a metric for image retrieval},
  author={Rubner, Yossi and Tomasi, Carlo and Guibas, Leonidas J},
  journal={International Journal of Computer Vision},
  volume={40},
  number={2},
  pages={99--121},
  year={2000},
  publisher={Springer}
}

@InProceedings{Sanoja:CTPCTRBV:2012,
author = {Andr{\'e}s Sanoja},
title = {Web Archiving y su Relevancia en el Contexto de Venezuela},
booktitle = {Consideraciones Teórico-Políticas para la Cienca y Tecnología en la Revolución Bolivariana Venezolana},
pages = {311-321},
year = {2012},
editor = {Jos{\'e} Lu{\'i}s Berroteran Nu{\~n}ez-Mirian Carmona Rodr{\'i}guez},
publisher = {Publicaciones MPPCTI/ONCTI. Ediciones Oncti}
}

@InProceedings{Sanoja:ICMCS:2014, 
author={Sanoja, Andr{\'e}s  and Gan{\c c}arski, St{\'e}phane}, 
booktitle={International Conference onMultimedia Computing and Systems (ICMCS)}, 
title={Block-o-Matic: A web page segmentation framework}, 
year={2014}, 
month={April}, 
pages={595-600}, 
address={Marrakesh, Moroco}
}

@article{Strehl:JMLR:2003,
author = {Strehl, Alexander and Ghosh, Joydeep},
 title = {Cluster Ensembles --- a Knowledge Reuse Framework for Combining Multiple Partitions},
 journal = {J. Mach. Learn. Res.},
 issue_date = {3/1/2003},
 volume = {3},
 month = mar,
 year = {2003},
 issn = {1532-4435},
 pages = {583--617},
 numpages = {35},
 url = {http://dx.doi.org/10.1162/153244303321897735},
 doi = {10.1162/153244303321897735},
 acmid = {944935},
 publisher = {JMLR.org}
} 

@inproceedings{Saad:EDBT:2010,
author = {Saad, Myriam Ben and Gan\c{c}arski, St{\'e}phane},
 title = {Using Visual Pages Analysis for Optimizing Web Archiving},
 booktitle = {Proceedings of the 2010 EDBT/ICDT Workshops},
 series = {EDBT '10},
 year = {2010},
 isbn = {978-1-60558-990-9},
 location = {Lausanne, Switzerland},
 pages = {43:1--43:7},
 articleno = {43},
 numpages = {7},
 url = {http://doi.acm.org/10.1145/1754239.1754287},
 doi = {10.1145/1754239.1754287},
 acmid = {1754287},
 publisher = {ACM},
 address = {New York, NY, USA},
 keywords = {change detection, visual page analysis, web archiving, web crawling}
}

@Article{Shafait:PAMI:2008,
  Title                    = {Performance Evaluation and Benchmarking of Six-Page Segmentation Algorithms},
  Author                   = {Shafait, F. and Keysers, D. and Breuel, T.M.},
  Journal                  = {Pattern Analysis and Machine Intelligence, IEEE Transactions on},
  Year                     = {2008},
  Number                   = {6},
  Pages                    = {941--954},
  Volume                   = {30}
}

@inproceedings{Song:WWW:2004,
 author = {Song, Ruihua and Liu, Haifeng and Wen, Ji-Rong and Ma, Wei-Ying},
 title = {Learning Block Importance Models for Web Pages},
 booktitle = {Proceedings of the 13th International Conference on World Wide Web},
 series = {WWW '04},
 year = {2004},
 isbn = {1-58113-844-X},
 location = {New York, NY, USA},
 pages = {203--211},
 numpages = {9},
 url = {http://doi.acm.org/10.1145/988672.988700},
 doi = {10.1145/988672.988700},
 acmid = {988700},
 publisher = {ACM},
 address = {New York, NY, USA}
} 

@Misc{solis2014,
  Title                    = {The Conversation Prism},
  Author                   = {Brian Solis},
  Note                     = {\url{https://conversationprism.com}},
  Year                     = {2014},
  Urldate                  = {2014-03-20}
}

@InProceedings{Sun:DBC:2011,
  Title                    = {DOM Based Content Extraction via Text Density},
  Author                   = {Sun, Fei and Song, Dandan and Liao, Lejian},
  Booktitle                = {Proceedings of the 34th International ACM SIGIR Conference on Research and Development in Information Retrieval},
  Year                     = {2011},
   Location                 = {New York, NY, USA},
  Pages                    = {245--254},
  Publisher                = {ACM},
  Series                   = {SIGIR '11},
  Doi                      = {10.1145/2009916.2009952},
  ISBN                     = {978-1-4503-0757-4},
  Address                 = {Beijing, China},
  Numpages                 = {10},
  Url                      = {http://doi.acm.org/10.1145/2009916.2009952}
}

@book{Szeliski:S:2010,
  title={Computer vision: algorithms and applications},
  author={Szeliski, Richard},
  year={2010},
  publisher={Springer}
}

@article{Tang:HPRCV:1999,
  title			   = {Document analysis and recognition by computers},
  author		   = {Tang, Yuan Y and Cheriet, Mb and Liu, Jiming and Said, JN and Suen, Ching Y},
  journal		   = {Handbook of Pattern Recognition and Computer Vision, edited by CH Chen, LF Pau, and PSP Wang World Scientific Publishing Company},
  year			   = {1999}
}

@Article{Tang:IJPRAI:1994,
  Title                    = {Document structures: a survey},
  Author                   = {Tang, Yuan Y and Suen, Ching Y},
  Journal                  = {International journal of pattern recognition and artificial intelligence},
  Year                     = {1994},
  Number                   = {05},
  Pages                    = {1081--1111},
  Volume                   = {8},
  Publisher                = {World Scientific}
}

@Article{Hoeven:IJDC:2007,
author = {Van der Hoeven, Jeffrey},
title = {Emulation for Digital Preservation in Practice: The Results},
journal = {The International Journal of Digital Curation},
year = {2007},
volume = {2},
number = {2},
pages = {123-132},
month = {Decembre}
}

@inproceedings{Vinh:AICML:2009,
author = {Vinh, Nguyen Xuan and Epps, Julien and Bailey, James},
 title = {Information Theoretic Measures for Clusterings Comparison: Is a Correction for Chance Necessary?},
 booktitle = {Proceedings of the 26th Annual International Conference on Machine Learning},
 series = {ICML '09},
 year = {2009},
 isbn = {978-1-60558-516-1},
 address = {Montreal, Quebec, Canada},
 pages = {1073--1080},
 numpages = {8},
 url = {http://doi.acm.org/10.1145/1553374.1553511},
 doi = {10.1145/1553374.1553511},
 acmid = {1553511},
 publisher = {ACM},
 location = {New York, NY, USA}
} 

@InProceedings{Vineel:WPD:2009,
  Title                    = {Web Page DOM Node Characterization and Its Application to Page Segmentation},
  Author                   = {Vineel, Gujjar},
  Booktitle                = {Proceedings of the 3rd IEEE International Conference on Internet Multimedia Services Architecture and Applications},
  Year                     = {2009},
  Address                  = {Piscataway, NJ, USA},
  Pages                    = {325--330},
  Publisher                = {IEEE Press},
  Series                   = {IMSAA'09},
  ISBN                     = {978-1-4244-4792-3},
  Location                 = {Bangalore, India},
  Numpages                 = {6},
  Url                      = {http://dl.acm.org/citation.cfm?id=1812598.1812659}
}

@InProceedings{Wu:WSDM:2011,
author = {Wu, Ou and Chen, Yunfei and Li, Bing and Hu, Weiming},
 title = {Evaluating the Visual Quality of Web Pages Using a Computational Aesthetic Approach},
 booktitle = {Proceedings of the Fourth ACM International Conference on Web Search and Data Mining},
 series = {WSDM '11},
 year = {2011},
 isbn = {978-1-4503-0493-1},
 address= {Hong Kong, China},
 pages = {337--346},
 numpages = {10},
 url = {http://doi.acm.org/10.1145/1935826.1935883},
 doi = {10.1145/1935826.1935883},
 acmid = {1935883},
 publisher = {ACM},
 location  = {New York, NY, USA}
} 

@Article{Chaw:IJCCER:2014,
  Title                    = {Web Page Segmentation and Informative Content Extraction for Effective Information Retrieval},
  Author                   = {Win, Chaw Su and Thwin, Mie Mie Su},
  Journal                  = {IJCCER},
  Year                     = {2014},
  Number                   = {2},
  Pages                    = {35--45},
  Volume                   = {2}
}

@InProceedings{Xiao:WICOM:2008,
  Title                    = {Web Page Adaptation for Mobile Device},
  Author                   = {Yunpeng Xiao and Yang Tao and Qian Li},
  Booktitle                = {Wireless Communications, Networking and Mobile Computing, 2008. WiCOM '08. 4th International Conference on},
  Year                     = {2008},
  Pages                    = {1-5},
  address = {Dailan, China}
}

@TechReport{Yesilada:METU:2011,
  Title                    = {Web Page Segmentation: A Review },
  Author                   = {Yesilada, Yeliz},
  Institution              = {University of Manchester and Middle East Technical University Northern Cyprus Campus},
  Year                     = {2011}
}

@InProceedings{Yang:WIIAT:2009,
  Title                    = {Enhanced Gestalt Theory Guided Web Page Segmentation for Mobile Browsing},
  Author                   = {Xin Yang and Yuanchun Shi},
  Booktitle                = {Web Intelligence and Intelligent Agent Technologies, 2009. WI-IAT '09. IEEE/WIC/ACM International Joint Conferences on},
  Year                     = {2009},
  Month                    = {Sept},
  Pages                    = {46-49},
  Volume                   = {3},
  address = {Milano, Italy}
}

@InProceedings{Yang:DAR:2001,
Author       = {Yang, Yudong and Zhang, HongJiang},
title = {HTML Page Analysis Based on Visual Cues},
 booktitle = {Proceedings of the Sixth International Conference on Document Analysis and Recognition},
 series = {ICDAR '01},
 year = {2001},
 isbn = {0-7695-1263-1},
 pages = {859--864},
 url = {http://dl.acm.org/citation.cfm?id=876867.877717},
 acmid = {877717},
 publisher = {IEEE Computer Society},
 address = {Seattle, USA}
} 

@article{Zhang:CVIU:2008,
title = "Image segmentation evaluation: A survey of unsupervised methods ",
journal = "Computer Vision and Image Understanding ",
volume = "110",
number = "2",
pages = "260--280",
year = "2008",
note = "",
issn = "1077-3142",
url = "http://www.sciencedirect.com/science/article/pii/S1077314207001294",
author = "Hui Zhang and Jason E. Fritts and Sally A. Goldman",
}


@article{Zhang:SP:1994,
  title={Objective and quantitative segmentation evaluation and comparison},
  author={Zhang, YJ and Gerbrands, JJ},
  journal={Signal processing},
  volume={39},
  number={1},
  pages={43--54},
  year={1994},
  publisher={Elsevier}
}

@article{Zhang:PR:1996,
title = "A survey on evaluation methods for image segmentation ",
journal = "Pattern Recognition ",
volume = "29",
number = "8",
pages = "1335--1346",
year = "1996",
note = "",
issn = "0031-3203",
author = "Y.J. Zhang"
}

@book{Goodman:OR:2011,
  author = {Goodman, Danny},
  isbn = {978-0-596-00316-6},
  pages = {I-XIII, 1-1401},
  publisher = {O'Reilly},
  title = {Dynamic HTML - the definitive reference: a comprehensive resource for HTML, CSS, DOM and JavaScript (2. ed.).},
  year = {2002}
}


@TechReport{Pnueli:HP:2009,
  Title                    = {Web page layout via visual segmentation},
  Author                   = {Pnueli, Ayelet and Bergman, Ruth and Schein, Sagi and Barkol, Omer},
  institution                  = {HP Laboratories},
  Year                     = {2009}
}

@InProceedings{Zhang:IDC:2010,
  Title                    = {Precise web page segmentation based on semantic block headers detection},
  Author                   = {Aihua Zhang and Jiwu Jing and Le Kang and Lingchen Zhang},
  Booktitle                = {Digital Content, Multimedia Technology and its Applications (IDC), 2010 6th International Conference on},
  Year                     = {2010},
  Month                    = {Aug},
  Pages                    = {63-68},
  address = {Seoul, South Korea}
}

@article{Dunn:JC:1974,
  title={Well-separated clusters and optimal fuzzy partitions},
  author={Dunn, Joseph C},
  journal={Journal of cybernetics},
  volume={4},
  number={1},
  pages={95--104},
  year={1974},
  publisher={Taylor \& Francis}
}

@InProceedings{Asakawa:ATN:2000,
  Title                    = {Annotation-based Transcoding for Nonvisual Web Access},
  Author                   = {Asakawa, Chieko and Takagi, Hironobu},
  Booktitle                = {Proceedings of the Fourth International ACM Conference on Assistive Technologies},
  Year                     = {2000},
   Location                 = {New York, NY, USA},
  Pages                    = {172--179},
  Publisher                = {ACM},
  Series                   = {Assets '00},
  Doi                      = {10.1145/354324.354588},
  ISBN                     = {1-58113-313-8},
  Keywords                 = {blind, commentary annotation, nonvisual web access, structural annotation, transcoding system},
  Address                 = {Arlington, Virginia, USA},
  Numpages                 = {8},
  Url                      = {http://doi.acm.org/10.1145/354324.354588}
}

@article{Fu:PR:1981,
  title={A survey on image segmentation},
  author={Fu, King-Sun and Mui, JK},
  journal={Pattern recognition},
  volume={13},
  number={1},
  pages={3--16},
  year={1981},
  publisher={Elsevier}
}

@Article{Jackson:CoRR:2012,
author = {A. N. Jackson},
title = {Formats Over Time: Exploring UK Web History},
journal = {CoRR},
year = {2012},
pages = {1210--1714}
}

@PhdThesis{Sanoja:LIP6:2015,
author = {Andr{\'e}s Sanoja},
title = {Web Page Segmentation, Evaluation and Applications},
school = {Universit{\'e} Pierre et Marie Curie-Paris VI},
year = {2015},
address = {{\url{https://hal.inria.fr/tel-01128002/}}}
}


@inproceedings{SanGan:SAC:2015,
  title={Web page segmentation evaluation},
  author={Sanoja, Andr{\'e}s and Gan{\c{c}}arski, St{\'e}phane},
  booktitle={Proceedings of the 30th Annual ACM Symposium on Applied Computing},
  pages={753--760},
  year={2015},
  organization={ACM}
}



@manual{MDN:BOX,
author = {MDN},
title = {Introduction to the CSS Box Model},
year = {2016},
address = {\url{https://developer.mozilla.org/en-US/docs/Web/CSS/CSS_Box_Model/Introduction_to_the_CSS_box_model}},
organization = "Mozilla Developer Network"
}

@Manual{MIG:W3SCHOOL:2016,
author={W3Schools.com},
title = {HTML5 Migration: Migration from HTML4 to HTML5},
year={2016},
organization = {W3Schools},
address = {\url{http://www.w3schools.com/html/html5_migration.asp}}
}


@inproceedings{kiesel-etal-2017-wat,
    title = "{WAT}-{SL}: A Customizable Web Annotation Tool for Segment Labeling",
    author = "Kiesel, Johannes  and
      Wachsmuth, Henning  and
      Al-Khatib, Khalid  and
      Stein, Benno",
    booktitle = "Proceedings of the Software Demonstrations of the 15th Conference of the {E}uropean Chapter of the Association for Computational Linguistics",
    month = apr,
    year = "2017",
    address = "Valencia, Spain",
    publisher = "Association for Computational Linguistics",
    url = "https://www.aclweb.org/anthology/E17-3004",
    pages = "13--16",
    abstract = "A frequent type of annotations in text corpora are labeled text segments. General-purpose annotation tools tend to be overly comprehensive, often making the annotation process slower and more error-prone. We present WAT-SL, a new web-based tool that is dedicated to segment labeling and highly customizable to the labeling task at hand. We outline its main features and exemplify how we used it for a crowdsourced corpus with labeled argument units.",
}
@article{liu2011segmenting,
  title={Segmenting Webpage with Gomory-Hu Tree Based Clustering.},
  author={Liu, Xinyue and Lin, Hongfei and Tian, Ye},
  journal={JSW},
  volume={6},
  number={12},
  pages={2421--2425},
  year={2011}
}
  @inproceedings{10.1145/1988688.1988717,
 author = {Alcic, Sadet and Conrad, Stefan},
 title = {Page Segmentation by Web Content Clustering},
 year = {2011},
 isbn = {9781450301480},
 publisher = {Association for Computing Machinery},
 address = {New York, NY, USA},
 url = {https://doi.org/10.1145/1988688.1988717},
 doi = {10.1145/1988688.1988717},
 booktitle = {Proceedings of the International Conference on Web Intelligence, Mining and Semantics},
 articleno = {Article 24},
 numpages = {9},
 keywords = {web content clustering, web content distance, web page segmentation},
 location = {Sogndal, Norway},
 series = {WIMS ’11}
}
@article{uzun2013hybrid,
  title={A hybrid approach for extracting informative content from web pages},
  author={Uzun, Erdin{\c{c}} and Agun, Hayri Volkan and Yerlikaya, Tar{\i}K},
  journal={Information Processing \& Management},
  volume={49},
  number={4},
  pages={928--944},
  year={2013},
  publisher={Elsevier}
}
  @article{10.1145/3326457,
 author = {Jiang, Zexun and Yin, Hao and Wu, Yulei and Lyu, Yongqiang and Min, Geyong and Zhang, Xu},
 title = {Constructing Novel Block Layouts for Webpage Analysis},
 year = {2019},
 issue_date = {November 2019},
 publisher = {Association for Computing Machinery},
 address = {New York, NY, USA},
 volume = {19},
 number = {3},
 issn = {1533-5399},
 url = {https://doi.org/10.1145/3326457},
 doi = {10.1145/3326457},
 journal = {ACM Trans. Internet Technol.},
 month = jul,
 articleno = {Article 35},
 numpages = {18},
 keywords = {webpage analysis, semantic regourping, similarity model, clustering, Webpage segmentation}
}

@TechReport{Zhu:18:WD,
  author      = "Yongsheng Zhu",
  title       = "{W3C} DOM {4.1}",
  month       = feb,
  note        = "https://www.w3.org/TR/2018/WD-dom41-20180201/",
  year        = "2018",
  bibsource   = "https://w2.syronex.com/jmr/w3c-biblio",
  type        = "{W3C} Working Draft",
  institution = "W3C",
}

 . (2003). . Consultado en Marzo-2017. Recuperado de: https://goo.gl/1FNChD


@inproceedings{bjdmnmd2019,
  title={Designing Experiments to Compare Web Page Segmenters},
  author={Blustein, James and Di Matteo, Nicola R and Macrini, Diego},
  booktitle={Proceedings of the 2nd International Workshop on Human Factors in Hypertext},
  pages={27--29},
  year={2019}
}

@inproceedings{krh2015,
  title={A quantitative comparison of semantic web page segmentation approaches},
  author={Kreuzer, Robert and Hage, Jurriaan and Feelders, Ad},
  booktitle={International Conference on Web Engineering},
  pages={374--391},
  year={2015},
  organization={Springer}
}